@article{Goodwin1963,
    author = "R. D. Goodwin and D. E. Hiller and H. M. Roder and L. A. Weber",
    title = "Second and Third Virial Coefficients for Hydrogen",
    journal = "Journal of Research of the National Bureau of Standards - A. Physics and Chemistry",
    shortjournal = "J. Res. Natl. Bur. Stds. - A. Phys. and Chem.",
    year = "1963",
    volume = "68A",
    number = "1",
    pages = "121 -- 126"
}

@article{Schrodinger1926,
    author = "Erwin Schr{\"o}dinger",
    title = "Cat experiments gone wrong",
    journal = "Journal of Feline Physics",
    shortjournal = "J. Fel. Phys.",
    year = "1926",
    volume = "7",
    number = "2",
    pages = "198 -- 203"
}
@article{Jordan1968,
    author = "Harry F. Jordan and Lloyd D. Fosdick",
    title = "Three-particle Effects in the Pair Distribution Function for He4 Gas",
    journal = "Physical Review",
    shortjournal = "Phys. Rev.",
    year = "1968",
    volume = "171",
    number = "1",
    pages = "128 -- 149"
}

@article{Lepage1972,
    author = "G Peter Lepage",
    title = "A new algorithm for adaptive multidimensional integration",
    journal = "Journal of Computational Physics",
    shortjournal = "J. Comp. Phys.",
    year = "1972",
    volume = "27",
    number = "2",
    pages = "192 -- 203"
}

@article{Evans1977,
    author = "Denis J. Evans",
    title = "On the representation of orientation space",
    journal = "Molecular Physics",
    shortjournal = "Mol. Phys.",
    year = "1977",
    volume = "34",
    number = "2",
    pages = "317 -- 325"
}

@article{Evans1977b,
    author = "Denis J. Evans and Sohail Murad",
    title = "Singularity free algorithm for molecular dynamics simulation of rigid polyatomics",
    journal = "Molecular Physics",
    shortjournal = "Mol. Phys.",
    year = "1977",
    volume = "34",
    number = "2",
    pages = "327 -- 331"
}

@article{Barker1979,
    author = "J. A. Barker",
    title = "A quantumstatistical Monte Carlo method; path integrals with boundary conditions",
    journal = "The Journal of Chemical Physics",
    shortjournal = "J. Chem. Phys.",
    year = "1979",
    volume = "70",
    number = "6",
    pages = "2914"
}

@article{Berns1980,
    author = "Rut M. Berns and Ad van der Avoird",
    title = "N2-N2 interaction potential from ab initio calculations, with application to the structure of (N2)2",
    journal = "The Journal of Chemical Physics",
    shortjournal = "J. Chem. Phys.",
    year = "1980",
    volume = "72",
    pages = "6107"
}

@article{Chandler1981,
    author = "David Chandler and Peter G. Wolynes",
    title = "Exploiting the isomorphism between quantum theory and classical statistical mechanics of polyatomic fluids",
    journal = "The Journal of Chemical Physics",
    shortjournal = "J. Chem. Phys.",
    year = "1981",
    volume = "74",
    number = "7",
    pages = "4078"
}

@article{vanHemert1982,
    author = "M.C. van Hemert and R. M. Berns",
    title = "Comparison of electron gas and ab initio potentials for the N2-N2 interactions. Application in the second virial coefficient",
    journal = "The Journal of Chemical Physics",
    shortjournal = "J. Chem. Phys.",
    year = "1982",
    volume = "76",
    pages = "354"
}

@article{Kuharski1984,
    author = "Robert A. Kuharski and Peter J. Rossky",
    title = "Quantum mechanical contributions to the structure of liquid water",
    journal = "Chemical Physics Letters",
    shortjournal = "Chem. Phys. Lett.",
    year = "1984",
    volume = "103",
    number = "5",
    pages = "357"
}

@article{Takahashi1984,
    author = "Minoru Takahashi and Masatoshi Imada",
    title = "Monte Carlo Calculation of Quantum Systems. II. Higher Order Correction",
    journal = "Journal of the Physical Society of Japan",
    shortjournal = "J. Phys. Soc. Jpn.",
    year = "1984",
    volume = "53",
    number = "11",
    pages = "3765 -- 3769"
}

@article{Kuharski1985,
    author = "Robert A. Kuharski and Peter J. Rossky",
    title = "A quantum mechanical study of structure in liquid H20 and D20",
    journal = "The Journal of Chemical Physics",
    shortjournal = "J. Chem. Phys.",
    year = "1985",
    volume = "82",
    number = "11",
    pages = "5164"
}

@article{Kolos1986,
    author = "Wlodzimierz Kolos, Krzysztof Szalewicz and Hendrik J. Monkhorst",
    title = "New Born-Oppenheimer potential energy curve and vibrational energies for the electronic ground state of the hydrogen molecule",
    journal = "The Journal of Chemical Physics",
    shortjournal = "J. Chem. Phys.",
    year = "1986",
    volume = "84",
    number = "6",
    pages = "3278 -- 3283"
}

@article{vanDerAvoird1986,
    author = "A. van der Avoird and P. E. S. Wormer and A. P. J. Jansen",
    title = "An improved intermolecular potential for nitrogen",
    journal = "The Journal of Chemical Physics",
    shortjournal = "J. Chem. Phys.",
    year = "1986",
    volume = "84",
    pages = "1629"
}

@article{Cao1989,
    author = "Jianshu Cao and Bruce J. Berne",
    title = "On energy estimators in path integral Monte Carlo simulations: Dependence of accuracy on algorithm",
    journal = "The Journal of Chemical Physics",
    shortjournal = "J. Chem. Phys.",
    year = "1989",
    volume = "91",
    number = "10",
    pages = "6359"
}

@article{Janke1992,
    author = "W. Janke and T. Sauer",
    title = "Properties of higher-order Trotter formulas",
    journal = "Physics Letters A",
    shortjournal = "Phys. Lett. A",
    year = "1992",
    volume = "165",
    number = "3",
    pages = "199 -- 205"
}

@article{Marx1994,
    author = "D. Marx",
    title = "Rotational Motion of Linear Molecules in Three Dimensions: A Path-Intrgral Monte Carlo Approach",
    journal = "Molecular Simulation",
    shortjournal = "Mol. Sim.",
    year = "1994",
    volume = "12",
    number = "1",
    pages = "33 -- 48"
}

@article{Ceperley1995,
    author = "D.M. Ceperley",
    title = "Path integrals in the theory of condensed helium",
    journal = "Reviews of Modern Physics",
    shortjournal = "Rev. Mod. Phys.",
    year = "1995",
    volume = "67",
    number = "2",
    pages = "279"
}

@article{Suzuki1995,
    author = "Masuo Suzuki",
    title = "Hybrid exponential product formulas for unbounded operators with possible applications to Monte Carlo simulations",
    journal = "Physics Letters A",
    shortjournal = "Phys. Lett. A",
    year = "1995",
    volume = "201",
    pages = "425 -- 428"
}

@article{Cui1997,
    author = "T. Cui and E. Cheng and B.J. Alder and K.B. Whaley",
    title = "Rotational ordering in solid deuterium and hydrogen: A path integral Monte Carlo study",
    journal = "Physical Review B",
    shortjournal = "Phys. Rev. B",
    year = "1997",
    volume = "55",
    number = "18",
    pages = "12253"
}

@article{Cappelletti1998,
    author = "D. Cappelletti and F. Vecchiocattivi and F. Pirani and E. L. Heck and A. S. Dickinson",
    title = "An intermolecular potential for nitrogen from a multi-property analysis",
    journal = "Molecular Physics",
    shortjournal = "Mol. Phys.",
    year = "1998",
    volume = "93",
    number = "3",
    pages = "485 -- 499"
}

@article{Marx1999,
    author = {Dominik Marx and Martin H M\"{u}ser},
    title = "Path integral simulations of rotors: theory and applications",
    journal = "Journal of Physics: Condensed Matter",
    shortjournal = "J. Phys.: Condens. Matter",
    year = "1999",
    volume = "11",
    pages = "R117 - R155"
}

@article{Diep2000,
    author = "Phong Diep and J. Karl Johnson",
    title = "An accurate H2-H2 interaction potential from first principles",
    journal = "The Journal of Chemical Physics",
    shortjournal = "J. Chem. Phys.",
    year = "2000",
    volume = "112",
    number = "10",
    pages = "4465",
}

@article{Mas2000,
    author = "Eric M. Mas and Robert Bukowski and Krzysztof Szalewicz and Gerrit C. Groenenboom and Paul E. s. Wormer and Ad van der Avoird",
    title = "Water pair potential of near spectroscopic accuracy. I. Analysis of potential surface and virial coefficients",
    journal = "The Journal of Chemical Physics",
    shortjournal = "J. Chem. Phys.",
    year = "2000",
    volume = "113",
    number = "16",
    pages = "6687"
}

@article{Groenenboom2000,
    author = "G. C. Groenenboom and P. E. S. Wormer and A. van der Avoird and E. M. Mas and  R. Bukowski and K. Szalewicz",
    title = "Water pair potential of near spectroscopic accuracy. I. Analysis of potential surface and virial coefficients",
    journal = "The Journal of Chemical Physics",
    shortjournal = "J. Chem. Phys.",
    year = "2000",
    volume = "113",
    number = "16",
    pages = "6702"
}

@article{Schenter2002,
    author = "Gregory K. Schenter",
    title = "The development of effective classical potentials and the quantum statistical mechanical second virial coefficient of water",
    journal = "The Journal of Chemical Physics",
    shortjournal = "J. Chem. Phys.",
    year = "2002",
    volume = "117",
    number = "14",
    pages = "6573"
}

@article{Mielke2002,
    author = "Steven L. Mielke and Bruce C. Garett and Kirk A. Peterson",
    title = " A hierarchical family of global analytic Born-Oppenheimer potential energy surfaces for the H+H2 reaction ranging in quality from double-zeta to the complete basis set limit",
    journal = "The Journal of Chemical Physics",
    shortjournal = "J. Chem. Phys.",
    year = "2002",
    volume = "116",
    number = "10",
    pages = "4142"
}

@article{Singh2004,
    author = "Jayant K. Singh and David A. Kofke",
    title = "Mayer Sampling: Calculation of Cluster Integrals using Free-Energy Perturbation Methods",
    journal = "Physical Review Letters",
    shortjournal = "Phys. Rev. Lett.",
    year = "2004",
    volume = "92",
    number = "22",
    pages = "220601"
}

@article{Jafari2005,
    author = "Mohamad H. Karimi Jafari and Ali Maghari and Shant Shahbazian",
    title = "An improved ab initio potential energy surface for N2-N2",
    journal = "Chemical Physics",
    shortjournal = "Chem. Phys.",
    year = "2005",
    volume = "314",
    pages = "249 -- 262"
}

@article{Yamamoto2005,
    author = "Takeshi M. Yamamoto",
    title = "Path-integral virial estimator based on the scaling of fluctuation coordinates: Application to quantum clusters with fourth-order propagators",
    journal = "The Journal of Chemical Physics",
    shortjournal = "J. Chem. Phys.",
    year = "2005",
    volume = "123",
    number = "10",
    pages = "104101"
}

@article{Benjamin2007,
    author = "Kenneth M. Benjamin and Jayant K. Singh and Andrew J. Schultz and David A. Kofke",
    title = "Hihger-Order Virial Coefficients of Water Models",
    journal = "Journal of Physical Chemistry B",
    shortjournal = "J. Phys. Chem. B",
    year = "2007",
    volume = "111",
    number = "39",
    pages = "11463"
}

@article{Karney2007,
    author = "Charles F. F. Karney",
    title = "Quaternions in Molecular Modeling",
    journal = "Journal of Molecular Graphics and Modelling",
    shortjournal = "J. Mol. Graph. Mod.",
    year = "2007",
    volume = "25",
    number = "5",
    pages = "595 -- 604"
}

@article{Garberoglio2008,
    author = "Giovanni Garberoglio",
    title = "Boltzmann bias grand canonical Monte Carlo",
    journal = "The Journal of Chemical Physics",
    shortjournal = "J. Chem. Phys.",
    year = "2008",
    volume = "128",
    number = "13",
    pages = "134109"
}

@article{Patkowski2008,
    author = "Konrad Patkowski and Wojciech Cencek and Piotr Jankowski and Krzysztof Szalewicz and James B. Mehl and Giovanni Garberoglio and Allan H. Harvey",
    title = "Potential energy surface for interactions between two hydrogen molecules",
    journal = "The Journal of Chemical Physics",
    shortjournal = "J. Chem. Phys.",
    year = "2008",
    volume = "129",
    number = "9",
    pages = "094304"
}

@article{Hinde2008,
    author = "Robert J. Hinde",
    title = "A six-dimensional H2 - H2 potential energy surface for bound state spectroscopy",
    journal = "The Journal of Chemical Physics",
    shortjournal = "J. Chem. Phys.",
    year = "2008",
    volume = "128",
    number = "15",
    pages = "154308"
}

@article{Cencek2008,
    author = "Wojciech Cencek and Krzysztof Szalewicz and Claude Leforestier and Rob van Harrevelt and Ad van der Avoird",
    title = "An accurate analytic representation of the water pair potential",
    journal = "Physical Chemistry Chemical Physics",
    shortjournal = "Phy. Chem. Chem. Phys.",
    year = "2008",
    volume = "10",
    pages = "4716 -- 4731"
}

@article{Bukowski2008,
    author = "Robert Bukowski and Krzysztof Szalewicz and Gerrit C. Groenenboom and Ad van der Avoird",
    title = "Polarizable interaction potential for water from coupled cluster calculations. II. Applications to dimer spectra, virial coefficients, and simulations of liquid water",
    journal = "The Journal of Chemical Physics",
    shortjournal = "J. Chem. Phys.",
    year = "2008",
    volume = "128",
    number = "9",
    pages = "094314"
}

@article{Leachman2009,
    author = "J. W. Leachman and R. T. Jacobsen and S. G. Penoncello and E. W. Lemmon",
    title = "Fundamental Equations of State for Parahydrogen, Normal Hydrogen and Orthohydrogen",
    journal = "Journal of Physical and Chemical Reference Data",
    shortjournal = "J. Phys. Chem. Ref. Data",
    year = "2009",
    volume = "38",
    number = "3",
    pages = "721 -- 748"
}

@article{Garberoglio2009,
    author = "Giovanni Garberoglio and Allan H. Harvey",
    title = "First-Principles Calculation of the Third Virial Coefficient of Helium",
    journal = "Journal of Research of the National Institute of Standards and Technology",
    shortjournal = "J. Res. Natl. Inst. Stand. Technol.",
    year = "2009",
    volume = "114",
    number = "5",
    pages = "249"
}

@article{Szalewicz2009,
    author = "Krzysztof Szalewicz and Claude Leforestier and Ad van der Avoird",
    title = "Towards the complete understanding of water by a first-principles computational approach",
    journal = "Chemical Physics Letters",
    shortjournal = "Chem. Phys. Lett.",
    year = "2009",
    volume = "482",
    pages = "1 -- 14"
}

@article{Schultz2009,
    author = "Andrew J. Schultz and David A. Kofke",
    title = "Sixth, seventh and eighth virial coefficients of the Lennard-Jones model",
    journal = "Molecular Physics",
    shortjournal = "Mol. Phys.",
    year = "2009",
    volume = "107",
    number = "21",
    pages = "2309"
}

@article{Benjamin2009,
    author = "Kenneth M. Benjamin and Andrew J. Schultz and David A. Kofke",
    title = "Fourth and Fifth Virial Coefficients of Polarizable Water",
    journal = "Journal of Physical Chemistry B",
    shortjournal = "J. Phys. Chem. B",
    year = "2009",
    volume = "113",
    number = "22",
    pages = "7810"
}

@article{Schultz2009m,
    author = "Andrew J. Schultz and David A. Kofke",
    title = "Virial coefficients of Lennard-Jones mixtures",
    journal = "The Journal of Chemical Physics",
    shortjournal = "J. Chem. Phys.",
    year = "2009",
    volume = "130",
    number = "22",
    pages = "224104"
}

@article{Manzhos2010,
    author = "Sergei Manzhos and Kosuke Nakai and Koichi Yamashita",
    title = "Three-body interactions in clusters CO-(pH2)n",
    journal = "Chemical Physics Letters",
    shortjournal = "Chem. Phys. Lett.",
    year = "2010",
    volume = "493",
    pages = "229 -- 233"
}

@article{Schultz2010,
    author = "Andrew J. Schultz and David A. Kofke",
    title = "Virial coefficients of model alkanes",
    journal = "The Journal of Chemical Physics",
    shortjournal = "J. Chem. Phys.",
    year = "2010",
    volume = "133",
    pages = "104101"
}

@article{Shaul2010,
    author = "Katherine R.S. Shaul and Andrew J. Schultz and David A. Kofke",
    title = "Mayer-sampling Monte Carlo calculations of methanol virial coefficients",
    journal = "Molecular Simulation",
    shortjournal = "Mol. Sim.",
    year = "2010",
    volume = "36",
    number = "15",
    pages = "1282"
}

@article{Garberoglio2010,
    author = "Giovanni Garberoglio and J. Karl Johnson",
    title = "Hydrogen Isotope Separation in Carbon Nanotubes: Calculation of Coupled Rotational and Translational States at High Densities",
    journal = "American Chemical Society Nano",
    shortjournal = "ACS Nano",
    year = "2010",
    volume = "4",
    number = "3",
    pages = "1703 -- 1715"
}

@article{Garberoglio2011,
    author = "Giovanni Garberoglio and Allan H. Harvey",
    title = "Path-integral calculation of the third virial coefficient of quantum gases at low temperatures",
    journal = "The Journal of Chemical Physics",
    shortjournal="J. Chem. Phys.",
    year = "2011",
    volume = "134",
    number = "13",
    pages = "134106"
}

@article{Jager2011,    
    author = {Benjamin J\"{a}ger and Robert Hellmann and Eckard Bich and Eckard Vogel},
    title = "Ab initio virial equation of state for argon using a new nonadditive three-body potential",
    journal = "The Journal of Chemical Physics",
    shortjournal = "J. Chem. Phys.",
    year = "2011",
    volume = "135",
    pages = "084308"
}

@article{Hellmann2011,
    author = "Robert Hellmann and Eckard Bich",
    title = "A systematic formulation of the virial expansion for nonadditive interaction potentials",
    journal = "The Journal of Chemical Physics",
    shortjournal = "J. Chem. Phys.",
    year = "2011",
    volume = "135",
    pages = "084117"
}

@article{Noya2011,
    author = "Eva G. Noya and Luis M. Se\'{s}e and Rafael Ram\'{i}rez and Carl McBride and Maria M. Conde and Carlos Vega",
    title = "Path integral Monte Carlo simulations for rigid rotors and their application to water",
    journal = "Molecular Physics",
    shortjournal = "Mol. Phys.",
    year = "2011",
    volume = "109",
    number = "1",
    pages = "149 -- 168"
}

@article{Sakoda2012,
    author = "N. Sakoda and K. Shinoda and K. Motomura and K. Shinzato and M. Kohno and Y. Takata and M. Fujii",
    title = "Burnett PVT Measurements of Hydrogen and the Development of a Virial Equation of State at Pressures up to 100MPa",
    journal = "International Journal of Thermophysics",
    shortjournal = "Int J. Thermophys.",
    year = "2012",
    volume = "33",
    number = "3",
    pages = "381 -- 395"
}

@article{Shaul2012,
    author = "Katherine R.S. Shaul and Andrew J. Schultz and David A. Kofke",
    title = "Path-integral Mayer-sampling calculations of the quantum Boltzmann contribution to virial coefficients of helium-4",
    journal = "The Journal of Chemical Physics",
    shortjournal = "J. Chem. Phys.",
    year = "2012",
    volume = "137",
    number = "18",
    pages = "184101"
}

@article{Garberoglio2012,
    author = "Giovanni Garberoglio and Piotr Jankowski and Krzysztof Szalewicz and Allan H. Harvey",
    title = "Second virial coefficients of H2 and its isotopologues from a six-dimensional potential",
    journal = "The Journal of Chemical Physics",
    shortjournal = "J. Chem. Phys.",
    year = "2012",
    volume = "137",
    number = "15",
    pages = "154308"
}

@article{Cencek2012,
    author = "Wojciech Cencek and Michał Przybytek and Jacek Komasa and James B. Mehl and Bogumił Jeziorski and Krzysztof Szalewicz",
    title = "Effects of adiabatic, relativistic, and quantum electrodynamics interactions on the pair potential and thermophysical properties of helium",
    journal = "The Journal of Chemical Physics",
    shortjournal = "J. Chem. Phys.",
    year = "2012",
    volume = "136",
    pages = "224303"
}

@article{Garberoglio2013,
    author = "Giovanni Garberoglio",
    title = "On the contribution of non-additive three-body interactions to the third virial coefficient of para-hydrogen",
    journal = "Chemical Physics Letters",
    shortjournal = "Chem. Phys. Lett.",
    year = "2013",
    volume = "557",
    pages = "26"
}

@article{Cencek2013,
    author = "Wojciech Cencek and Giovanni Garberoglio and Allan H. Harvey and Mark O. McLinden and Krzysztof Szalewicz",
    title = "Three-Body Nonadditive Potential for Argon with Estimated Uncertainties and Third Virial Coefficient",
    journal = "The Journal of Physical Chemistry A",
    shortjournal = "J. Phys. Chem. A",
    year = "2013",
    volume = "117",
    pages = "7542 -- 7552"
}

@article{Hellmann2013,
    author = "Robert Hellmann",
    title = "Ab initio potential energy surface for the nitrogen molecule pair and theromphysical properties of nitrogen gas",
    journal = "Molecular Physics",
    shortjournal = "Mol. Phys.",
    year = "2013",
    volume = "111",
    number = "3",
    pages = "387 -- 401"
}

@article{Gora2014,
    author = "Urszula G\'{o}ra and Wojciech Cencek and Rafa Podeszwa and Ad van der Avoird and Krzysztof Szalewicz",
    title = "Predictions of water clusters from a first-principles two- and three-body force field",
    journal = "The Journal of Chemical Physics",
    shortjournal = "J. Chem. Phys.",
    year = "2014",
    volume = "140",
    pages = "194101"
}

@article{Garberoglio2014,
    author = "Giovanni Garberoglio and Piotr Jankowski and Krzysztof Szalewicz and Allan H. Harvey",
    title = "Path-integral calculation of the second virial coefficient including intramolecular flexibility effects",
    journal = "The Journal of Chemical Physics",
    shortjournal="J. Chem. Phys.",
    year = "2014",
    volume = "141",
    number = "4",
    pages = "044119"
}

@article{Hellmann2014,
    author = "Robert Hellmann",
    title = "Ab initio potential energy surface for the carbon dioxide molecule pair and thermophysical properties of dilute carbon dioxide gas",
    journal = "Chemical Physics Letters",
    shortjournal = "Chem. Phys. Lett.",
    year = "2014",
    volume = "613",
    pages = "133 -- 138"
}

%books
@book{Tester,
    author = "Jefferson W. Tester and Micheal Modell",
    title = "Thermodynamics and Its Applications",
    edition = "3",
    publisher = "Prentice Hall, Inc., New Jersey",
    year = "1997"
}

@book{Feynman,
    author = "Richard P. Feynman and Albert R. Hibbs",
    title = "Quantum Mechanics and Path Integrals",
    edition = "1",
    publisher = "McGraw-Hill Companies, Inc., New York",
    note = "Emended by Daniel F. Styer",
    year = "1965"
}

@book{Leach,
    author = "Andrew R. Leach",
    title = "Molecular Modelling: Principles and Applications",
    edition = "2",
    publisher = "Pearson Publishing \& Prentice Hall, Inc.",
    year = "2001"
}

@book{Cramer,
    author = "Christopher J. Cramer",
    title = "Essentials of Computational Chemistry: Theories and Models",
    edition = "2",
    publisher = "John Wiley \& Sons, Ltd.",
    year = "2004"
}
